<record><leader>00000cas a22000007a 4500</leader><controlfield tag="001">23302603</controlfield><controlfield tag="008">910327d18541856nhuwr ne      0    0eng d</controlfield><datafield ind1=" " ind2=" " tag="010"><subfield code="a">sn 91063019 </subfield></datafield><datafield ind1=" " ind2=" " tag="040"><subfield code="a">NVH</subfield><subfield code="b">eng</subfield><subfield code="c">NVH</subfield><subfield code="d">OCLCQ</subfield></datafield><datafield ind1=" " ind2=" " tag="042"><subfield code="a">msc</subfield></datafield><datafield ind1="0" ind2="0" tag="245"><subfield code="a">New Hampshire phoenix.</subfield></datafield><datafield ind1=" " ind2=" " tag="260"><subfield code="a">Concord, N.H. :</subfield><subfield code="b">D. &amp; J. Lancaster</subfield></datafield><datafield ind1=" " ind2=" " tag="300"><subfield code="a">v.</subfield></datafield><datafield ind1=" " ind2=" " tag="310"><subfield code="a">Weekly</subfield></datafield><datafield ind1="0" ind2=" " tag="362"><subfield code="a">Vol. 1, no. 1 (Jan. 7, 1854)-</subfield></datafield><datafield ind1="1" ind2=" " tag="362"><subfield code="a">Ceased in 1856.</subfield></datafield><datafield ind1=" " ind2=" " tag="752"><subfield code="a">United States</subfield><subfield code="b">New Hampshire</subfield><subfield code="c">Merrimack</subfield><subfield code="d">Concord.</subfield></datafield><datafield ind1="0" ind2="0" tag="780"><subfield code="t">Crusader of reform</subfield><subfield code="w">(DLC)sn 90062604</subfield></datafield><datafield ind1="0" ind2="7" tag="785"><subfield code="t">Weekly chronicle (Portsmouth, N.H.)</subfield><subfield code="w">(DLC)sn 84023500</subfield></datafield><datafield ind1="0" ind2="7" tag="785"><subfield code="t">Chronicle &amp; phenix</subfield><subfield code="w">(DLC)sn 91063856</subfield></datafield></record>